@book{vieira_designing_2022,
	location = {Birmingham},
	title = {Designing Hexagonal Architecture with Java: An Architect's Guide to Building Maintainable and Change-Tolerant Applications with Java and Quarkus},
	isbn = {978-1-80181-648-9},
	shorttitle = {Designing Hexagonal Architecture with Java},
	publisher = {Packt Publishing, Limited},
	author = {Vieira, Davi},
	date = {2022},
	note = {{OCLC}: 1300453672            },
}
@online{noauthor_error_nodate,
	title = {Error codes and messages {\textbar} Adyen Docs},
	url = {https://docs.adyen.com/development-resources/error-codes/},
	urldate = {2023-08-28},
	file = {Error codes and messages | Adyen Docs:/home/ozan/Zotero/storage/MCERAWEB/error-codes.html:text/html},
}

@online{noauthor_webhook_nodate,
	title = {Webhook structure and types {\textbar} Adyen Docs},
	url = {https://docs.adyen.com/development-resources/webhooks/webhook-types/},
	urldate = {2023-08-28},
	file = {Webhook structure and types | Adyen Docs:/home/ozan/Zotero/storage/KLRSEBSN/webhook-types.html:text/html},
}

@online{noauthor_capture_nodate,
	title = {Capture {\textbar} Adyen Docs},
	url = {https://docs.adyen.com/online-payments/capture/},
	urldate = {2023-08-28},
	file = {Capture | Adyen Docs:/home/ozan/Zotero/storage/VDJ8AGSU/capture.html:text/html},
}

@online{noauthor_capture_failed_nodate,
	title = {{CAPTURE}\_FAILED and {REFUND}\_FAILED reasons {\textbar} Adyen Docs},
	url = {https://docs.adyen.com/online-payments/capture/failure-reasons/},
	urldate = {2023-08-28},
	file = {CAPTURE_FAILED and REFUND_FAILED reasons | Adyen Docs:/home/ozan/Zotero/storage/LFHQ7QCI/failure-reasons.html:text/html},
}

@online{noauthor_cancel_nodate,
	title = {Cancel {\textbar} Adyen Docs},
	url = {https://docs.adyen.com/online-payments/cancel/},
	urldate = {2023-08-28},
	file = {Cancel | Adyen Docs:/home/ozan/Zotero/storage/59R7YA5W/cancel.html:text/html},
}

@online{noauthor_refund_nodate,
	title = {Refund {\textbar} Adyen Docs},
	url = {https://docs.adyen.com/online-payments/refund/},
	urldate = {2023-08-28},
	file = {Refund | Adyen Docs:/home/ozan/Zotero/storage/CT88KGNZ/refund.html:text/html},
}

@book{beyer2016site,
  title={Site Reliability Engineering: How Google Runs Production Systems},
  author={Beyer, B. and Jones, C. and Petoff, J. and Murphy, N.R.},
  isbn={9781491929124},
  lccn={2017304248},
  url={https://sre.google/sre-book/eliminating-toil/},
  year={2016},
  publisher={O'Reilly Media, Incorporated}
}

@misc{svs_guide,
    author       = "Stored Value Solutions",
    title        = "SVS - Web Services Programmer’s Guide",
    month        = "May",
    year         = "2017",
    note         = "Version 3.7",
}

@online{hgraca_ddd_2017,
	title = {{DDD}, Hexagonal, Onion, Clean, {CQRS}, … How I put it all together},
	url = {https://herbertograca.com/2017/11/16/explicit-architecture-01-ddd-hexagonal-onion-clean-cqrs-how-i-put-it-all-together/},
	abstract = {In my last posts I’ve been writing about many of the concepts and principles that I’ve learned and a bit about how I reason about them. But I see these as just pieces of big a puzzle.  …},
	titleaddon = {@hgraca},
	author = {{hgraca}},
	urldate = {2023-07-17},
	date = {2017-11-16},
	langid = {english},
	file = {Snapshot:/home/ozan/Zotero/storage/C9WRE8UP/explicit-architecture-01-ddd-hexagonal-onion-clean-cqrs-how-i-put-it-all-together.html:text/html},
}

@article{stettler_ddd_nodate,
	title = {{DDD} {MIT} {ONION} {ARCHITECTURE} \& {STEREOTYPES}},
	author = {Stettler, Christian and Schweiz, {INNOQ}},
	langid = {english},
	file = {Stettler and Schweiz - DDD MIT ONION ARCHITECTURE & STEREOTYPES.pdf:/home/ozan/Zotero/storage/QPWYFBNN/Stettler and Schweiz - DDD MIT ONION ARCHITECTURE & STEREOTYPES.pdf:application/pdf},
}

@misc{emsa_amazon,
    title = {Emsa M5261700 Click \& Grow Smart Garden 3 Indoor-Garten, passend für 3 Kräuterkapseln, weiß},
    author = {{Emsa}},
    url = {https://shorturl.at/AFLLV},
    year = {2023}
}

@misc{geberioz_amazon,
    title = {Geberioz Indoor Garten in Braun - Hydroponisches Anzuchtsystem mit Fernbedienung - 130W LED Pflanzenlampe mit 48 Pods - Gewächshaus Kräutergarten (Braun)},
    author = {Geberioz},
    url = {https://shorturl.at/iYr1h},
    year = {2023}
}

@online{pflanzenfabrik_tropfsystem,
    title = {Das Tropfsystem der Hydroponik},
    author = {{Pflanzenfabrik}},
    year = {2023},
    url = {https://pflanzenfabrik.de/hydroponik-tropfsystem/},
    urldate = {19.03.2024},
}

@misc{zpyxbh_amazon,
    title = {ZPYXBH Smart Indoor Garden Kräutergarten Indoor Hydroponic System Mit LED Licht Hydroponisches Anzuchtsystem Grow Home Gewächshaus Kit Für Zimmergewächshaus Automatischer Timer Bewässerungssystem},
    author = {ZPYXBH},
    url = {https://shorturl.at/dJ4tx},
    year = {2023}
}

@misc{lua,
    title = {Lua, the smart planter with feelings},
    author = {Vivien Muller},
    url = {https://www.indiegogo.com/projects/lua-the-smart-planter-with-feelings#/},
    year = {2019},
    note = {Visit the IndieGoGo Page}
}

@article{lawton_tamagotchi_2017,
    title = {Taken by the Tamagotchi: How a toy changed the perspective on mobile technology},
    author = {Lawton, Laura},
    journal = {The iJournal: Student Journal of the University of Toronto's Faculty of Information},
    volume = {2},
    number = {2},
    year = {2017}
}

@misc{lyeva_amazon,
    title = {LYEVA Ivy Smart Planter, Smart Planter Robot, Smart Pet Planter, lustiger interaktiver Blumentopf, ordentliches Schreibtisch-Setup-Geschenk, für Innendekoration (Purple)},
    author = {ZPYXBH},
    url = {https://shorturl.at/FxqMA},
    year = {2023},
    note = {Visit the Amazon Product Page}
}

@misc{rainpoint_smart_timer,
    title = {RainPoint Smart WiFi Sprinkler Timer},
    author = {{RainPoint Irrigation}},
    howpublished = {RainPoint Irrigation},
    year = {2024},
    url = {https://www.rainpointonline.com/collections/wi-fi-hose-timers/products/smart-watering-timer-with-wifi-hub},
    note = {Visit the RainPoint Product Page}
}

@misc{kumar2018automatic,
    title = {Automatic Irrigation System Using IOT},
    author = {Kumar, D. Sathish and Haritha, Vancha and Pravalika, Chilumala and Kumar, Vemula Uday and Vijay, Puppala},
    year = {2018},
    note = {Preprint},
    url = {https://www.ijarst.in/public/uploads/paper/476341704899923.pdf}
}

@inproceedings{mushtaq2016automatic,
    title = {Automatic agricultural land irrigation system by fuzzy logic},
    author = {Mushtaq, Zohaib and Sani, Syeda Shaima and Hamed, Khizar and Ali, Amjad and Ali, Aitizaz and Belal, Syed Muhammad and Naqvi, Abid A.},
    booktitle = {2016 3rd International Conference on Information Science and Control Engineering (ICISCE)},
    pages = {871--875},
    organization = {IEEE},
    year = {2016},
    url = {https://ieeexplore.ieee.org/abstract/document/7726287}
}

@inproceedings{seesansui2020automatic,
    title = {The Automatic Temperature Control for Agricultural Plant House},
    author = {Seesansui, S. and Phurahong, T. and Sarasook, J.},
    booktitle = {2020 International Conference on Power, Energy and Innovations (ICPEI)},
    address = {Chiangmai, Thailand},
    year = {2020},
    pages = {37--40},
    doi = {10.1109/ICPEI49860.2020.9431413},
    keywords = {Temperature sensors;Temperature distribution;Technological innovation;Cooling;Plants (biology);Humidity;Control systems;Temperature control;plant house;evaporation technique;automatic system;plant growth}
}

@inproceedings{al-humairi2019smart,
    title = {A smart automated greenhouse: Soil moisture, temperature monitoring and automatic water supply system (peaty, loam and silty)},
    author = {Al-Humairi, Safaa Najah Saud and Manimaran, Prasad and Abdullah, Muhammad Irsyad and Daud, Junaidi},
    booktitle = {2019 IEEE Conference on Sustainable Utilization and Development in Engineering and Technologies (CSUDET)},
    pages = {111--115},
    organization = {IEEE},
    year = {2019}
}

@online{zukunftsstiftung_landwirtschaft,
    title = {Bäuerliche und industrielle Landwirtschaft},
    author = {{Zukunftsstiftung Landwirtschaft}},
    organization = {Zukunftsstiftung Landwirtschaft},
    url = {https://t.ly/e4OG9},
    year = {Year of Access},
    note = {Zukunftsstiftung Landwirtschaft Büro Berlin (Projektleitung), Marienstr. 19-20, D-10117 Berlin, Deutschland, Tel: +49-(0)30-284 82 320, Fax: +49-(0)30-284 82 329}
}

@online{eu_agriculture,
    title = {Research and innovation},
    author = {{European Commission}},
    organization = {European Commission},
    url = {https://agriculture.ec.europa.eu/sustainability/research-and-innovation_en},
    year = {Year of Access},
    note = {European Commission, Directorate General for Agriculture and Rural Development}
}

@article{barauskas2022approach,
  title={Approach of AI-Based Automatic Climate Control in White Button Mushroom Growing Hall},
  author={Barauskas, Rimantas and Kri{\v{s}}{\v{c}}i{\=u}nas, Andrius and {\v{C}}alneryt{\.{e}}, Dalia and Pilipavi{\v{c}}ius, Paulius and Fyleris, Tautvydas and Daniulaitis, Vytautas and Mikalauskis, Robertas},
  journal={Agriculture},
  volume={12},
  number={11},
  pages={1921},
  year={2022},
  publisher={Multidisciplinary Digital Publishing Institute},
  url={https://www.mdpi.com/2077-0472/12/11/1921}
}

@misc{fourier_transformation,
    title = {Die Magie der Fourier Transformation: Eine FFCS-Perspektive},
    author = {{Faster Capital}},
    year = {2024},
    note = {Copyright 2024. All Rights Reserved.},
    howpublished = {Document},
    url = {https://t.ly/RL_ME},
    urldate = {Date of access}
}

@article{object_detection_algorithms,
    author = {Gandhi, Rohith},
    title = {R-CNN, Fast R-CNN, Faster R-CNN, YOLO — Object Detection Algorithms},
    journal = {Towards Data Science},
    year = {2018},
    month = {July},
    day = {9},
    url = {https://towardsdatascience.com/r-cnn-fast-r-cnn-faster-r-cnn-yolo-object-detection-algorithms-36d53571365e},
    note = {Published in Towards Data Science},
    howpublished = {Online},
    accessed = {Date of access}
}

@article{jha2019comprehensive,
  title={A comprehensive review on automation in agriculture using artificial intelligence},
  author={Jha, Kirtan and Doshi, Aalap and Patel, Poojan and Shah, Manan},
  journal={Artificial Intelligence in Agriculture},
  volume={2},
  pages={1--12},
  year={2019},
  issn={2589-7217},
  doi={10.1016/j.aiia.2019.05.004},
  url={https://www.sciencedirect.com/science/article/pii/S2589721719300182},
  abstract={Agriculture automation is the main concern and emerging subject for every country. The world population is increasing at a very fast rate and with increase in population the need for food increases briskly. Traditional methods used by farmers aren't sufficient enough to serve the increasing demand and so they have to hamper the soil by using harmful pesticides in an intensified manner. This affects the agricultural practice a lot and in the end the land remains barren with no fertility. This paper talks about different automation practices like IOT, Wireless Communications, Machine learning and Artificial Intelligence, Deep learning. There are some areas which are causing the problems to agriculture field like crop diseases, lack of storage management, pesticide control, weed management, lack of irrigation and water management and all this problems can be solved by above mentioned different techniques. Today, there is an urgent need to decipher the issues like use of harmful pesticides, controlled irrigation, control on pollution and effects of environment in agricultural practice. Automation of farming practices has proved to increase the gain from the soil and also has strengthened the soil fertility. This paper surveys the work of many researchers to get a brief overview about the current implementation of automation in agriculture. The paper also discusses a proposed system which can be implemented in botanical farm for flower and leaf identification and watering using IOT.},
  keywords={Automation, artificial intelligence, Irrigation, Machine learning}
}

@article{singh2008artificial,
  title={Artificial neural network methodology for modelling and forecasting maize crop yield},
  author={Singh, R.K. and Prajneshu},
  journal={Agricultural Economics Research Review},
  volume={21},
  year={2008},
  pages={5--10}
}

@article{prakash2013fuzzy,
  title={Fuzzy based Agriculture expert system for Soyabean},
  author={Prakash, Chandra and Rathor, Amar Singh and Thakur, Gaur Sunder Mitra},
  booktitle={International Conference on Computing Sciences WILKES100-ICCS2013},
  volume={113},
  year={2013},
  address={Jalandhar, Punjab, India}
}

@online{decision-tree-explained,
  title={Decision Tree Algorithm, Explained},
  author={Chauhan, Nagesh Singh},
  year={2022},
  month={February 9},
  organization={KDnuggets},
  url={https://www.kdnuggets.com/2020/01/decision-tree-algorithm-explained.html},
  note={Published on KDnuggets on February 9, 2022},
  copyright={Guiding Tech Media},
}

@online{fuzzy-logic-introduction,
  title={Fuzzy Logic | Einführung},
  author={{GeeksforGeeks}},
  year={unknown},
  url={https://www.geeksforgeeks.org/fuzzy-logic-introduction/},
  organization={GeeksforGeeks},
  address={A-143, 9. Stock, Sovereign Corporate Tower, Sektor 136, Noida, Uttar Pradesh (201305)},
}

@article{lameres1998fuzzy,
  title={Design and implementation of a fuzzy logic-based voltage controller for voltage regulation of a synchronous generator},
  author={LaMeres, Brock J. and Nehrir, M. H.},
  journal={IEEE Computer Applications in Power},
  url={https://www.montana.edu/blameres/vitae/publications/a_thesis/thesis_001_bsee.pdf},
  volume={19},
  number={4},
  year={1998},
  pages={12},
}

@online{stiftung2023nervensystem,
  title={Wie funktioniert das Nervensystem?},
  author={{Stiftung für Qualität und Wirtschaftlichkeit im Gesundheitswesen}},
  year={2023},
  url={https://www.gesundheitsinformation.de/wie-funktioniert-das-nervensystem.html},
  urldate={2024-03-19},
  organization={Stiftung für Qualität und Wirtschaftlichkeit im Gesundheitswesen},
  address={Gutenbergstraße 13, 10623 Berlin}
}

@online{wuttke2023neuronale,
  title={Künstliche Neuronale Netzwerke: Definition, Einführung, Arten und Funktion},
  author={Wuttke, Laurenz},
  year={2023},
  url={https://datasolut.com/neuronale-netzwerke-einfuehrung/},
  urldate={2024-03-19},
  organization={Datasolut}
}

@online{arnx2019first,
  title={First neural network for beginners explained (with code)},
  author={Arnx, Arthur},
  year={2019},
  url={https://towardsdatascience.com/first-neural-network-for-beginners-explained-with-code-4cfd37e06eaf},
  urldate={2024-03-19},
  organization={Towards Data Science}
}

@article{dongare2012introduction,
  title={Introduction to artificial neural network},
  author={Dongare, A. D. and Kharde, R. R. and Kachare, Amit D.},
  journal={International Journal of Engineering and Innovative Technology (IJEIT)},
  volume={2},
  number={1},
  year={2012},
  pages={189--194}
}

@online{altexsoft2021unsupervised,
  title={Unsupervised Learning: Algorithms and Examples},
  author={{AltexSoft Inc.}},
  year={2021},
  url={https://www.altexsoft.com/blog/unsupervised-machine-learning/}
}

@online{synopsys2024reinforcement,
  title={What is Reinforcement Learning?},
  author={{Synopsys, Inc.}},
  year={2024},
  url={https://www.synopsys.com/ai/what-is-reinforcement-learning.html}
}

@online{lark2023generalization,
  title={Generalization},
  author={{Lark Editorial Team}},
  year={2023},
  url={https://www.larksuite.com/en_us/topics/ai-glossary/generalization}
}

@online{kanade2023pattern,
    title = {What Is Pattern Recognition? Working, Types, and Applications},
    author = {Kanade, Vijay},
    year = {2023},
    month = {May},
    day = {17},
    organization = {Spiceworks Inc.},
    url = {https://www.spiceworks.com/tech/artificial-intelligence/articles/what-is-pattern-recognition/},
    urldate = {16.04.2024}
}

@online{trendskout2024image-recognition,
    title = {Bilderkennung (KI): von den Anfängen der Technologie bis zu den unzähligen Geschäftsanwendungen von heute},
    author = {{Trendskout}},
    year = {2024},
    url = {https://trendskout.com/de/losungen/image-recognition-und-bilderkennung/},
    organization = {Trendskout},
    urldate = {17.04.2024}
}

@online{imagenet2020,
    title = {{ImageNet}},
    author = {{Stanford Vision Lab, Stanford University, Princeton University}},
    year = {2020},
    url = {https://www.image-net.org/},
    organization = {Stanford Vision Lab},
    note = {Home-Website},
    urldate = {17.04.2024}
}

@online{mansi2023ml-image-recognition,
    title = {5 Best Machine Learning Algorithms for Image Recognition},
    author = {Manasa},
    year = {2023},
    month = {Aug},
    day = {15},
    url = {https://medium.com/@mansi89mahi/5-best-machine-learning-algorithms-4-image-recognition-ab0eee5e2931},
    organization = {Medium},
    note = {2 min read},
    urldate = {18.04.2024}
}

@online{ibm-cnn,
    title = {What are convolutional neural networks?},
    author = {{International Business Machines Corporation}},
    url = {https://www.ibm.com/topics/convolutional-neural-networks},
    organization = {International Business Machines Corporation},
    urldate = {18.04.2024}
}

@article{cho2023plant,
  title={Plant growth information measurement based on object detection and image fusion using a smart farm robot},
  author={Cho, Songhee and Kim, Taehyeong and Jung, Dae-Hyun and Park, Soo Hyun and Na, Yunseong and Ihn, Yong Seok and Kim, KangGeon},
  journal={Computers and Electronics in Agriculture},
  volume={197},
  pages={106407},
  year={2023},
  publisher={Elsevier},
  doi={10.1016/j.compag.2023.106407},
  url={https://www.sciencedirect.com/science/article/pii/S0168169923000911}
}

@misc{roboflow_plant_growth,
  author = {Contributing Writer},
  title = {Monitoring Plant Growth using Computer Vision},
  howpublished = {\url{https://blog.roboflow.com/monitor-plant-growth/}},
  month = {Dec},
  year = {2023}
}

@inproceedings{pandey2010effective,
  title={An Effective Requirement Engineering Process Model for Software Development and Requirements Management},
  author={Pandey, D and Suman, U and Ramani, AK},
  booktitle={2010 International Conference on Advances in Recent Technologies in Communication and Computing},
  year={2010},
  pages={287--291},
  doi={10.1109/ARTCom.2010.24},
  keywords={Software;Programming;Resource management;Planning;Presses;Software engineering;Documentation;Requirement engineering;requirement analysis;requirement elicitation;requirement development;requirement management},
}

@online{figma-use-case-template,
  title={Use case template},
  author={{Figma, Inc.}},
  year={Year},
  url={https://www.figma.com/templates/use-case-template/},
}

@online{arduino-uno-r4-wifi,
  title={Arduino® UNO R4 WiFi},
  author={{Arduino S.r.l.}},
  year={2024},
  url={https://store.arduino.cc/products/uno-r4-wifi},
}

@online{m5stack-light-sensor,
  title={Light Sensor Unit with Photo-resistance},
  author={{M5Stack}},
  year={2024},
  url={https://shop.m5stack.com/products/light-sensor-unit},
}

@online{adafruit-sht40,
  title={Adafruit Sensirion SHT40 Temperature \& Humidity Sensor - STEMMA QT / Qwiic},
  author={{Adafruit Industries, LLC}},
  year={Year},
  url={https://www.adafruit.com/product/4885},
}

@online{m5stack-watering-unit,
  title={Watering Unit with Moisture Sensor and Pump},
  author={{M5Stack}},
  year={Year},
  url={https://shop.m5stack.com/products/watering-unit-with-mositure-sensor-and-pump},
}

@online{emqx2023mqtt,
  title={What Is MQTT and Why Is It the Best Protocol for IoT?},
  author={{EMQX Team}},
  year={2023},
  url={https://www.emqx.com/en/blog/what-is-the-mqtt-protocol},
  note={\textcopyright{} 2013-2024 EMQ Technologies Inc. All rights reserved}
}

@online{azdelivery2024camera,
  title={OV7670 300KP VGA camera},
  organization={AZ-DELIVERY},
  year={2024},
  url={https://t.ly/Rcqwr},
  note={\textcopyright{} 2024 AZ-Delivery}
}

@online{javatpoint2021iotpython,
  title={Internet of Things with Python},
  year={2021},
  url={https://www.javatpoint.com/internet-of-things-with-python},
  note={\textcopyright{} 2011-2021 www.javatpoint.com. All rights reserved. Developed by Tpoint Tech}
}

@online{influxdata2021iot,
  author={Al Sargent},
  title={How InfluxDB Works with IoT Data},
  year={2021},
  url={https://www.influxdata.com/blog/how-influxdb-iot-data/},
  note={548 Market St, PMB 77953, San Francisco, California 94104, \textcopyright{} 2024 InfluxData Inc. All Rights Reserved. Sitemap}
}

@online{amazon2024alexa,
  title={What is the Alexa Skills Kit?},
  year={2024},
  url={https://developer.amazon.com/en-US/docs/alexa/ask-overviews/what-is-the-alexa-skills-kit.html},
  note={Last updated: Apr 23, 2024, Amazon.com, Inc. or its affiliates}
}

@online{smartbear2019cucumber,
  title={What is Cucumber?},
  year={2019},
  url={https://cucumber.io/docs/guides/overview/},
  note={SmartBear Software}
}

@online{python2024objectdetector,
  title={Object Detector},
  year={2024},
  url={https://pypi.org/project/object-detector/},
  note={Project description, Python Software Foundation}
}

@online{opencv2023objectdetection,
  title={Object Detection},
  author={{OpenCV}},
  year={2023},
  url={https://docs.opencv.org/4.9.0/d5/d54/group__objdetect.html},
  note={Generated on Wed Dec 27 2023 21:56:15}
}

@online{pyimagesearch2024measuring,
  title={Measuring size of objects in an image with OpenCV},
  author={Adrian Rosebrock},
  year={2024},
  url={https://pyimagesearch.com/2016/03/28/measuring-size-of-objects-in-an-image-with-opencv/},
  note={Last updated on July 8, 2021}
}

@online{mathworks2024qlearning,
  title={Q-Learning Agents},
  year={1994-2024},
  url={https://de.mathworks.com/help/reinforcement-learning/ug/q-learning-agents.html},
  note={The MathWorks, Inc.}
}

@online{lutkevich2024lean,
  author={Ben Lutkevich and Valerie Silverthorne},
  title={Lean Software Development (LSD)},
  year={2024},
  url={https://www.computerweekly.com/de/definition/Lean-Software-Development-LSD},
  note={TechTarget, accessed on May 28, 2024}
}

@online{intellectsoft2023java,
  author={Intellectsoft US},
  title={Java vs. Python: Main Differences and What to Choose},
  year={2023},
  url={https://t.ly/pR2Jj},
  note={accessed on May 28, 2024}
}

@online{automate2023impactautomationagriculture,
  author={{Automate Team}},
  title={From Soil to Tech: The Impact of Automation in Agriculture},
  year={2023},
  url={https://www.automateshow.com/blog/from-soil-to-tech-the-impact-of-automation-in-agriculture},
  note={Accessed on May 28, 2024},
  organization={A3 Automate},
  date={November 27, 2023}
}

@online{narishkin2022houseplants,
  author={Abby Narishkin and Mai Tejapaibul},
  title={Americans spend billions on houseplants, only to kill half of them},
  year={2022},
  url={https://www.businessinsider.com/houseplant-industry-americans-billions-die-2022-3},
  note={Accessed on May 28, 2024},
  organization={Insider Inc},
  date={March 8, 2022}
}

@online{hollandtimes2024plants,
  title={Every year, more than 16 million plants at home, die in the Netherlands},
  year={2024},
  url={https://www.hollandtimes.nl/articles/tipsandreviews/every-year-more-than-16-million-plants-at-home-die-in-the-netherlands/},
  note={Accessed on May 28, 2024},
  organization={Holland Times}
}

@online{sillplantgrowth,
  title={Growth Spurts},
  url={https://www.thesill.com/blog/how-do-plants-grow},
  year={2024},
  note={Accessed on May 28, 2024},
  organization={The Sill Inc.}
}

@online{oregonenvironmentfactors,
  title={Environmental factors affecting plant growth},
  url={https://extension.oregonstate.edu/gardening/techniques/environmental-factors-affecting-plant-growth},
  year={2024},
  note={Accessed on May 28, 2024},
  organization={Oregon State University}
}

@online{fleck2024smartspeakers,
  author={Anna Fleck},
  title={Alexa, What's America's Favorite Smart Speaker?},
  year={2024},
  url={https://www.statista.com/chart/23943/share-of-us-adults-who-own-smart-speakers/},
  note={Accessed on May 28, 2024},
  organization={Statista GmbH}
}

@online{reichelt2024hygefs10,
  title={HYG EFS-10 Feuchtesensor},
  year={2024},
  url={https://t.ly/C-54O},
  note={Accessed on May 28, 2024},
  organization={reichelt elektronik GmbH}
}
